<?xml version="1.0" encoding="UTF-8" ?>
<record Numero="13974074" format="InterXMarc_Complet" type="Authority">
<leader>00643c1 au22000272  45  <Pos Code="0004">00643</Pos>
<Pos Code="05" Sens="notice modifiée">c</Pos>
<Pos Code="06" Sens="notice validée en catalogage courant">1</Pos>
<Pos Code="08" Sens="notice d&apos;autorité">a</Pos>
<Pos Code="09" Sens="titre uniforme musical (TUM)">u</Pos>
<Pos Code="10">2</Pos>
<Pos Code="11">2</Pos>
<Pos Code="1216">00027</Pos>
<Pos Code="17" Sens="autres cas">2</Pos>
<Pos Code="20">4</Pos>
<Pos Code="21">5</Pos>
</leader>
<controlfield tag="001">FRBNF139740749<Pos Code="0001">FR</Pos>
<Pos Code="0204">BNF</Pos>
<Pos Code="0512">13974074</Pos>
<Pos Code="13">9</Pos>
</controlfield>
<controlfield tag="008">950321140328yy    sn        1680    ? ....                   1   <Pos Code="0001">95</Pos>
<Pos Code="0203">03</Pos>
<Pos Code="0405">21</Pos>
<Pos Code="0607">14</Pos>
<Pos Code="0809">03</Pos>
<Pos Code="1011">28</Pos>
<Pos Code="1213" Sens="ne s&apos;applique pas">yy</Pos>
<Pos Code="1820" Sens="sonate [sonate d&apos;église => sonate]">sn </Pos>
<Pos Code="2831">1680</Pos>
<Pos Code="36" Sens="Date incertaine">?</Pos>
<Pos Code="3841">....</Pos>
<Pos Code="61" Sens="La vedette peut être liée à une notice bibliographique sauf pour l&apos;accès matière RAMEAU">1</Pos>
</controlfield>
<datafield tag="048" ind1=" " ind2=" ">
	<subfield code="a">sa02<Pos Code="0001" Sens="cordes frottées - violon">sa</Pos>
<Pos Code="02">0</Pos>
<Pos Code="03">2</Pos>
</subfield>
	<subfield code="a">sg01<Pos Code="0001" Sens="cordes frottées - viole de gambe">sg</Pos>
<Pos Code="02">0</Pos>
<Pos Code="03">1</Pos>
</subfield>
	<subfield code="a">zb01<Pos Code="0001" Sens="basse continue - instruments non spécifiés">zb</Pos>
<Pos Code="02">0</Pos>
<Pos Code="03">1</Pos>
</subfield>
</datafield>
<datafield tag="100" ind1=" " ind2=" ">
	<subfield code="3">13898724</subfield>
	<subfield code="w"> 0  b     </subfield>
	<subfield code="a">Purcell</subfield>
	<subfield code="m">Henry</subfield>
	<subfield code="d">1659-1695</subfield>
</datafield>
<datafield tag="144" ind1="1" ind2=" ">
	<subfield code="w">....b.....</subfield>
	<subfield code="a">Sonates</subfield>
	<subfield code="b">Violons (2), viole de gambe, basse continue</subfield>
	<subfield code="k">Z 806</subfield>
	<subfield code="t">Sol mineur</subfield>
</datafield>
<datafield tag="502" ind1=" " ind2=" ">
	<subfield code="3">13921246</subfield>
	<subfield code="a">Purcell</subfield>
	<subfield code="m">Henry</subfield>
	<subfield code="d">1659-1695</subfield>
	<subfield code="t" Barre="4">[10 Sonates. Violons (2), viole de gambe, basse continue. Z 802 à 811]</subfield>
</datafield>
<datafield tag="600" ind1=" " ind2=" ">
	<subfield code="a">Fait partie des &quot;Ten sonata&apos;s in four parts&quot; éd. à Londres</subfield>
</datafield>
<datafield tag="600" ind1=" " ind2=" ">
	<subfield code="a">Date de composition : ca 1680</subfield>
</datafield>
<datafield tag="600" ind1=" " ind2=" ">
	<subfield code="a">Éd. : 1697</subfield>
</datafield>
<datafield tag="610" ind1=" " ind2=" ">
	<subfield code="a">Grove 6</subfield>
	<subfield code="a">Sonate que me veux-tu ? / Ricercar Consort. Ricercar RIC94002</subfield>
</datafield>
<datafield tag="611" ind1=" " ind2=" ">
	<subfield code="a">SDC 12 073572</subfield>
</datafield>
<datafield tag="917" ind1=" " ind2=" ">
	<subfield code="o">OPC</subfield>
	<subfield code="a">101055120</subfield>
</datafield>
<Alter Ori="13898724">
<datafield tag="031" ind1=" " ind2=" ">
	<subfield code="a">0000000121188274</subfield>
	<subfield code="2" Sens="ISNI chargé à partir de VIAF">VIAF</subfield>
	<subfield code="d">20130731<Pos Code="0003">2013</Pos>
<Pos Code="0407" Sens="31 juillet">0731</Pos>
</subfield>
</datafield>
</Alter>
<Attr Nom="IDPerenne">ark:/12148/cb139740743</Attr>
<Attr Nom="NumSource">OPC 101055120</Attr>
<Attr Nom="Source" Sens="BnF catalogue général (depuis 1999)">A</Attr>
<Attr Nom="NumAutoriteLiee">1389872413921246</Attr>
<Attr Nom="DateCreation">21/03/ 1995</Attr>
<Attr Nom="ResponsableCreation">MIGV2</Attr>
<Attr Nom="StructCreation">1</Attr>
<Attr Nom="DateDerniereValidation">28/03/ 2014</Attr>
<Attr Nom="ResponsableDerniereValidation">SERRES CATHERINE</Attr>
<Attr Nom="StructPremiereValidation">1</Attr>
<Attr Nom="DatePremiereValidation">21/03/ 1995</Attr>
<Attr Nom="ResponsablePremiereValidation">MIGV2</Attr>
<Attr Nom="StructDerniereValidation">82</Attr>
<Attr Nom="NumSource">OPP 10347623</Attr>
</record>
